@article{LiAW15,
  author    = {Wenzhe Li and
               Sungjin Ahn and
               Max Welling},
  title     = {Scalable {MCMC} for Mixed Membership Stochastic Blockmodels},
  journal   = {CoRR},
  volume    = {abs/1510.04815},
  year      = {2015},
  url       = {http://arxiv.org/abs/1510.04815},
  timestamp = {Sun, 01 Nov 2015 17:30:45 +0100},
  biburl    = {http://dblp.uni-trier.de/rec/bib/journals/corr/LiAW15},
  bibsource = {dblp computer science bibliography, http://dblp.org}
}

@article{hoffman2013stochastic,
  title={Stochastic variational inference},
  author={Hoffman, Matthew D and Blei, David M and Wang, Chong and Paisley, John},
  journal={The Journal of Machine Learning Research},
  volume={14},
  number={1},
  pages={1303--1347},
  year={2013},
  publisher={JMLR. org}
}

@article{gopalan2013efficient,
  title={Efficient discovery of overlapping communities in massive networks},
  author={Gopalan, Prem K and Blei, David M},
  journal={Proceedings of the National Academy of Sciences},
  volume={110},
  number={36},
  pages={14534--14539},
  year={2013},
  publisher={National Acad Sciences}
}




@misc{snapnets,
  author       = {Jure Leskovec and Andrej Krevl},
  title        = {{SNAP Datasets}: {Stanford} Large Network Dataset Collection},
  howpublished = {\url{http://snap.stanford.edu/data}},
  month        = jun,
  year         = 2014
}

@inproceedings{gopalan2012scalable,
  title={Scalable inference of overlapping communities},
  author={Gopalan, Prem K and Gerrish, Sean and Freedman, Michael and Blei, David M and Mimno, David M},
  booktitle={Advances in Neural Information Processing Systems},
  pages={2249--2257},
  year={2012}
}

@inproceedings{airoldi2009mixed,
  title={Mixed membership stochastic blockmodels},
  author={Airoldi, Edoardo M and Blei, David M and Fienberg, Stephen E and Xing, Eric P},
  booktitle={Advances in Neural Information Processing Systems},
  pages={33--40},
  year={2009}
}

@inproceedings{welling2011bayesian,
  title={Bayesian learning via stochastic gradient Langevin dynamics},
  author={Welling, Max and Teh, Yee W},
  booktitle={Proceedings of the 28th International Conference on Machine Learning (ICML-11)},
  pages={681--688},
  year={2011}
}


@inproceedings{patterson2013stochastic,
  title={Stochastic gradient Riemannian Langevin dynamics on the probability simplex},
  author={Patterson, Sam and Teh, Yee Whye},
  booktitle={Advances in Neural Information Processing Systems},
  pages={3102--3110},
  year={2013}
}

@inproceedings{ahn2014distributed,
  title={Distributed stochastic gradient MCMC},
  author={Ahn, Sungjin and Shahbaba, Babak and Welling, Max},
  booktitle={Proceedings of the 31st International Conference on Machine Learning (ICML-14)},
  pages={1044--1052},
  year={2014}
}


@article{girolami2011riemann,
  title={Riemann manifold langevin and hamiltonian monte carlo methods},
  author={Girolami, Mark and Calderhead, Ben},
  journal={Journal of the Royal Statistical Society: Series B (Statistical Methodology)},
  volume={73},
  number={2},
  pages={123--214},
  year={2011},
  publisher={Wiley Online Library}
}


@article{blei2003latent,
  title={Latent dirichlet allocation},
  author={Blei, David M and Ng, Andrew Y and Jordan, Michael I},
  journal={the Journal of machine Learning research},
  volume={3},
  pages={993--1022},
  year={2003},
  publisher={JMLR. org}
}




